<record><leader>00000cas a22000007a 4500</leader><controlfield tag="001">24041122</controlfield><controlfield tag="008">910709d19641989nyuwr ne      0    0eng d</controlfield><datafield ind1=" " ind2=" " tag="010"><subfield code="a">sn 91066591 </subfield></datafield><datafield ind1=" " ind2=" " tag="040"><subfield code="a">NYS</subfield><subfield code="b">eng</subfield><subfield code="c">NYS</subfield><subfield code="d">NSD</subfield><subfield code="d">NYS</subfield><subfield code="d">OCLCQ</subfield></datafield><datafield ind1=" " ind2=" " tag="042"><subfield code="a">msc</subfield></datafield><datafield ind1="0" ind2="0" tag="245"><subfield code="a">Greenwood Lake news.</subfield></datafield><datafield ind1=" " ind2=" " tag="260"><subfield code="a">[Greenwood Lake, N.Y. :</subfield><subfield code="b">s.n.],</subfield><subfield code="c">1964-1989.</subfield></datafield><datafield ind1=" " ind2=" " tag="300"><subfield code="a">26 v. ;</subfield><subfield code="c">40 cm.</subfield></datafield><datafield ind1=" " ind2=" " tag="310"><subfield code="a">Weekly</subfield></datafield><datafield ind1="0" ind2=" " tag="362"><subfield code="a">Vol. 1, no. 1 (May 15, 1964)-v. 26, no. 38 (Dec. 27, 1989).</subfield></datafield><datafield ind1=" " ind2=" " tag="500"><subfield code="a">Publisher: Executive Associates, &lt;Sept. 4, 1974&gt; ; Len Chaimowitz, &lt;Jan. 4, 1984&gt;-</subfield></datafield><datafield ind1=" " ind2="4" tag="651"><subfield code="a">Greenwood Lake (N.Y.)</subfield><subfield code="v">Newspapers.</subfield></datafield><datafield ind1=" " ind2=" " tag="752"><subfield code="a">United States</subfield><subfield code="b">New York</subfield><subfield code="c">Orange</subfield><subfield code="d">Greenwood Lake.</subfield></datafield><datafield ind1="0" ind2="0" tag="785"><subfield code="t">Greenwood Lake and West Milford news</subfield><subfield code="x">1065-1144</subfield><subfield code="w">(DLC)sn 91066627</subfield><subfield code="w">(OCoLC)24147864</subfield></datafield><datafield ind1="1" ind2=" " tag="029"><subfield code="a">AU@</subfield><subfield code="b">000025847520</subfield></datafield></record>